@misc{LendAcad1,
author = {Renton, Peter},
title = {How Lending Club and Prosper Set Interest Rates},
journal = {Lend Academy},
type = {Blog},
number = {November 7},
year = {2011},
howpublished = {\url{http://www.lendacademy.com/how-lending-club-and-prosper-set-interest-rates/}}}

@misc{mdlOrourke,
author = {ORourke, Ted},
title = {Lending Club - Predicting Loan Outcomes},
journal = {Rpubs},
type = {Blog},
number = {June 19},
year = {2016},
howpublished = {\url{https://rpubs.com/torourke97/190551}}}

@misc{mdlSocialLender,
title = {Lending Club - Predicting Loan Outcomes},
journal = {Peer Lending Server},
type = {Blog},
number = {February 23},
year = {2015},
howpublished = {\url{Analyzing Lending Club Payment History}}}

@misc{mdlDarre,
author = {Darre,Jean-Francois},
title = {Analysis of Lending Club's data},
journal = {Data Science Central},
type = {Blog},
number = {September 30},
year = {2015},
howpublished = {\url{http://www.datasciencecentral.com/profiles/blogs/analysis-of-lending-club-s-data}}}

@misc{mdlDavenport,
author = {Davenport, Kevin},
title = {Lending Club Data Analysis Revisited with Python},
journal = {Machine Learning and Statistics Blog},
type = {Blog},
number = {November 22},
year = {2015},
howpublished = {\url{http://kldavenport.com/lending-club-data-analysis-revisted-with-python/}}}

@misc{mdlWu1,
author = {Wu,James},
title = {Changes in Lending Club Underwriting},
journal = {MonJa},
type = {Blog},
number = {May 25},
year = {2015},
howpublished = {\url{https://www.monjaco.com/blog/changes-in-lending-club-underwriting-looking-beneath-the-headlines//}}}

@misc{mdlDavenport2,
author = {Davenport, Kevin},
title = {Gradient Boosting: Analysis of LendingClub's Data},
type = {Blog},
number = {July 4},
year = {2013},
howpublished = {\url{http://kldavenport.com/gradient-boosting-analysis-of-lendingclubs-data//}}}

@misc{mdlCashorali,
author = {Cashorali, Tanya},
title = {Mining Lending Club's Goldmine of Loan Data Part I of II Visualizations by State},
journal = {R-bloggers},
type = {Blog},
number = {October 14},
year = {2011},
howpublished = {\url{https://www.r-bloggers.com/mining-lending-clubs-goldmine-of-loan-data-part-i-of-ii-visualizations-by-state/}}}

@misc{mdlToth,
author = {Toth, Michael},
title = {Analyzing Historical Default Rates of Lending Club Notes},
journal = {R-bloggers},
type = {Blog},
number = {March 9},
year = {2015},
howpublished = {\url{http://michaeltoth.me/analyzing-historical-default-rates-of-lending-club-notes.html}}}

@misc{mdlMistry,
author = {Mistry, Hitesh},
title = {Application of survival analysis to P2P Lending Club loans data},
journal = {Systems Forecasting},
type = {Blog},
number = {July 21},
year = {2016},
howpublished = {\url{http://systemsforecasting.com/2016/07/application-of-survival-analysis-to-p2p-lending-club-loans-data/}}}


@misc{mdlMistry2,
author = {Mistry, Hitesh},
title = {Survival prediction (P2P loan profitability) competitions},
journal = {Systems Forecasting},
type = {Blog},
number = {February 22},
year = {2017},
howpublished = {http://systemsforecasting.com/2017/02/survival-prediction-p2p-loan-profitability-competitions/}}}

@misc{mdlPolena,
author = {Polena, Michal},
title = {Investing at Lending Club with Watson Analytics},
journal = {IBM},
type = {Blog},
number = {May 26},
year = {2016},
howpublished = {\url{https://www.ibm.com/blogs/business-analytics/lending-club-and-watson-analytics-1/}}}

@misc{mdlKaggle,
title = {Give Me Some Credit},
journal = {Kaggle},
type = {Blog},
howpublished = {\url{https://www.kaggle.com/c/GiveMeSomeCredit}}}

@misc{mdlDavis,
author= {Davis, Jason},
title = {Lending Club Loan Analysis: Making Money with Logistic Regression},
journal = {Data Startups},
type = {Blog},
number= {April 08},
year= {2012},
howpublished = {\url{http://drjasondavis.com/blog/2012/04/08/lending-club-loan-analysis-making-money-with-logistic-regression}}}

@misc{mdlPatierno,
title={Using genetic algorithms to maximize Lending Club performance},
author={Patierno, David},
type={Blog},
number={February 7},
year={2011},
howpublished = {\url{http://blog.dmpatierno.com/post/3161338411/lending-club-genetic-algorithm}}}

@misc{mdlTsai,
title={Peer Lending Risk Predictor},
author={Tsai, Kevin and Ramiah, Sivagami and Singh, Sudhanshu},
year={2014},
howpublished = {\url{http://cs229.stanford.edu/proj2014/Kevin%20Tsai,Sivagami%20Ramiah,Sudhanshu%20Singh,Peer%20Lending%20Risk%20Predictor.pdf}}}

@misc{mdlSummers,
title={Lending Club Deep Learning},
author={Summers, Cameron},
year={2016},
howpublished = {\url{https://scaubrey.github.io/}}}

@misc{mdlMoy,
title={Lending Club Default Analysis},
author={Moy, Philip},
number={March 24},
year={2015},
howpublished = {\url{http://www.creditreportservice.info/article/95227030/lending-club-default-analysis/}}}

@misc{mdlGupta,
title={Lending Club Loan Purpose: Default Rate and Bad-Loan Experience Index},
author={Gupta, anil},
number={October 4},
year={2012},
journal = {Random Thoughts},
type = {Blog},
howpublished = {\url{http://andirog.blogspot.com/2012/10/lending-club-loan-purpose-default-rate.html}}}


@misc{litReddy,
author = {REDDY, SRIHARSHA and GOPALARAMAN, KRISHNA},
ISSN = {12045357},
journal = {Journal of Internet Banking & Commerce},
Number = {3},
Pages = {1 - 19},
Title = {PEER TO PEER LENDING, DEFAULT PREDICTIONEVIDENCE FROM LENDING CLUB.},
volume = {21},
year = {2016},
}

@misc{litEmekter,
author = {Emekter, Riza and Tu, Yanbin and Jirasakuldech, Benjamas and Lu, Min},
ISSN = {00036846},
journal = {Applied Economics},
number = {1},
pages = {54 - 70},
title = {Evaluating credit risk and loan performance in online Peer-to-Peer (P2P) lending.},
volume = {47},
year = {2015},
}

@misc{litCipoeru,
author = {Cimpoeru, Smaranda Stoenescu},
ISSN = {20294913},
journal = {Technological & Economic Development of Economy},
number = {3},
pages = {519 - 534},
title = {NEURAL NETWORKS AND THEIR APPLICATION IN CREDIT RISK ASSESSMENT. EVIDENCE FROM THE ROMANIAN MARKET.},
volume = {17},
year = {2011},
}

@misc{litNandi,
author = {Nandi, Jayanta Kishore and Choudhary, Navin Kumar},
ISSN = {09726918},
journal = {IUP Journal of Bank Management},
number = {2},
pages = {32 - 42},
title = {Credit Risk Management of Loan Portfolios by Indian Banks: Some Empirical Evidence.},
volume = {10},
year = {2011},
}

@amisc{litBlochlinger,
author = {Blöchlinger, Andreas},
ISSN = {00221090},
journal = {Journal of Financial & Quantitative Analysis},
number = {5},
pages = {1089 - 1123},
title = {Validation of Default Probabilities.},
volume = {47},
year = {2012}
}

@misc{litSerrano,
author = {Serrano-Cinca, Carlos and Guti ́errez-Nieto,Bego ̃na},
title = {The use ofprofit scoring as an alternative to credit scoring systems in peer-to-peer (P2P) lending},
journal = {Decision Support Systems},
year = {2016}, 
doi = {10.1016/j.dss.2016.06.014}, 
type = {article}
}

