@misc{LendAcad1,
author = {Renton, Peter},
title = {How Lending Club and Prosper Set Interest Rates},
journal = {Lend Academy},
type = {Blog},
number = {November 7},
year = {2011},
howpublished = {\url{http://www.lendacademy.com/how-lending-club-and-prosper-set-interest-rates/}}}
