@misc{LendAcad1,
author = {Renton, Peter},
title = {How Lending Club and Prosper Set Interest Rates},
journal = {Lend Academy},
type = {Blog},
number = {November 7},
year = {2011},
howpublished = {\url{http://www.lendacademy.com/how-lending-club-and-prosper-set-interest-rates/}}}

@misc{mdlOrourke,
author = {ORourke, Red},
title = {Lending Club - Predicting Loan Outcomes},
journal = {Rpubs},
type = {Blog},
number = {June 19},
year = {2016},
howpublished = {\url{https://rpubs.com/torourke97/190551}}}

@misc{socialLender,
title = {Lending Club - Predicting Loan Outcomes},
journal = {Peer Lending Server},
type = {Blog},
number = {February 23},
year = {2015},
howpublished = {\url{Analyzing Lending Club Payment History}}}

@misc{mdlDarren,
author = {Darren,Jean-Francois},
title = {Analysis of Lending Club's data},
journal = {Data Science Central},
type = {Blog},
number = {November 22},
year = {2015},
howpublished = {\url{http://www.datasciencecentral.com/profiles/blogs/analysis-of-lending-club-s-data}}}

@misc{mdlDavenport,
author = {Davenport, Kevin},
title = {Lending Club Data Analysis Revisited with Python},
journal = {Machine Learning and Statistics Blog},
type = {Blog},
number = {November 22},
year = {2015},
howpublished = {\url{Lending Club Data Analysis Revisited with Python}}}

@misc{mdlWu1,
author = {Wu,James},
title = {Are you buying the wrong loans? A pricing analysis of Lending Club loans},
journal = {MonJa},
type = {Blog},
number = {May 6},
year = {2015},
howpublished = {\url{https://www.monjaco.com/blog/are-you-buying-the-wrong-loans-a-pricing-analysis-of-lending-club-loans/}}}

@misc{mdlWu2,
author = {Wu, James},
title = {Gradient Boosting: Analysis of LendingClub’s Data},
journal = {R-bloggers},
type = {Blog},
number = {April 8},
year = {2013},
howpublished = {\url{https://www.r-bloggers.com/gradient-boosting-analysis-of-lendingclubs-data/}}}

@misc{mdlCashorali,
author = {Cashorali, Tanya},
title = {Mining Lending Club’s Goldmine of Loan Data Part I of II – Visualizations by State},
journal = {R-bloggers},
type = {Blog},
number = {October 14},
year = {2011},
howpublished = {\url{https://www.r-bloggers.com/mining-lending-clubs-goldmine-of-loan-data-part-i-of-ii-visualizations-by-state/}}}

@misc{mdlToth,
author = {Toth, Michael},
title = {Analyzing Historical Default Rates of Lending Club Notes},
journal = {R-bloggers},
type = {Blog},
number = {March 9},
year = {2015},
howpublished = {\url{https://www.r-bloggers.com/analyzing-historical-default-rates-of-lending-club-notes/}}}

@misc{mdlMistry,
author = {Mistry, Hitesh},
title = {Application of survival analysis to P2P Lending Club loans data},
journal = {Systems Forecasting},
type = {Blog},
number = {July 21},
year = {2016},
howpublished = {\url{http://systemsforecasting.com/2016/07/application-of-survival-analysis-to-p2p-lending-club-loans-data/}}}

@misc{mdlPolena,
author = {Polena, Michal},
title = {Investing at Lending Club with Watson Analytics},
journal = {IBM},
type = {Blog},
number = {May 26},
year = {2016},
howpublished = {\url{https://www.ibm.com/blogs/business-analytics/lending-club-and-watson-analytics-1/}}}

@misc{mdlKaggle,
title = {Give Me Some Credit},
journal = {Kaggle},
type = {Blog},
howpublished = {\url{https://www.kaggle.com/c/GiveMeSomeCredit}}}

@misc{mdlDavis,
author= {Davis, Jason},
title = {Lending Club Loan Analysis: Making Money with Logistic Regression},
journal = {Data Startups},
type = {Blog},
number= {April 08},
year= {2012},
howpublished = {\url{http://drjasondavis.com/blog/2012/04/08/lending-club-loan-analysis-making-money-with-logistic-regression}}}

@misc{mdlPatierno,
title={Using genetic algorithms to maximize Lending Club performance},
author={Patierno, David},
type={Blog},
number={February 7},
year={2011},
howpublished = {\url{http://blog.dmpatierno.com/post/3161338411/lending-club-genetic-algorithm}}}

